@BOOK{EMBEDDED,
  author = {А.О. Ключев},
  title = {Аппаратные и программные средства встраиваемых систем [Электронный ресурс]},
  address = {СПб},
  publisher = {Университет ИТМО},
  year = {2010},
  numpages = {291},
  language = {russian}
}


@BOOK{EMBEDDEDLINUX,
  author = {Bavaro, M.},
  title = {Embedded Linux System Design and Development [Электронный ресурс]},
  address = {Новосибирск},
  publisher = {Автограф},
  year = {2005},
  numpages = {429},
  language = {english}
}
